@article{Roland,
   author = {{Roland}},
   title = {Roland TU-2, Chromatic Tuner},
   note  = {\href{http://roland.com/support/article/?q=faq&p=TU-2&id=1832635}{www.roland.com}},
   journal = {Accessed: March 2016},
   volume = {},
   pages = {},
   year = {}
}

@article{bestApps,
   author = "Joe Hindy",
   title = {10 Best Guitar Tuner Apps for Android},
   note  = {\href{http://www.androidauthority.com/best-guitar-tuner-apps-for-android-615004/}{www.androidauthority.com}},
   journal = {Accessed: March 2016},
   volume = {},
   pages = {},
   year = {2015}
}

@article{hamburger,
   author = "Josh Constine",
   title = {Kill The Hamburger Button},
   note  = {\href{http://techcrunch.com/2014/05/24/before-the-hamburger-button-kills-you/}{www.techcrunch.com}},
   journal = {Accessed: March 2016},
   volume = {},
   pages = {},
   year = {2014}
}


@article{FFT,
   author = "Bjorn Roche",
   title = {Frequency detection using the FFT (aka pitch tracking) With Source Code},
   note  = {\href{http://blog.bjornroche.com/2012/07/frequency-detection-using-fft-aka-pitch.html}{www.blog.bjornroche.com}},
   journal = {Accessed: Feb 2016},
   volume = {},
   pages = {},
   year = {2012}
}

@article{SupportedMedia,
	author = "Android",
	title = {Android Develop: Supported Media Formats},
	note  = {\href{http://developer.android.com/guide/appendix/media-formats.html}{www.developer.android.com}},
	journal = {Accessed: March 2016},
	volume = {},
	pages = {},
	year = {}
}

@article{Swipe,
	author = "Android",
	title = {Creating Swipe Views with Tabs},
	note  = {\href{http://developer.android.com/training/implementing-navigation/lateral.html#horizontal-paging}{www.developer.android.com}},
	journal = {Accessed: March 2016},
	volume = {},
	pages = {},
	year = {}
}

@article{MediaStore,
	author = "Sanders Denardi",
	title = {Querying and Removing Media From Android MediaStore},
	note  = {\href{http://www.sandersdenardi.com/querying-and-removing-media-from-android-mediastore/}{www.sandersdenardi.com}},
	journal = {Accessed: March 2016},
	volume = {},
	pages = {},
	year = {2013}
}
 
 
@article{MediaController,
 	author = "Android",
 	title = {MediaController},
 	note  = {\href{http://developer.android.com/reference/android/widget/MediaController.html}{www.developer.android.com}},
 	journal = {Accessed: March 2016},
 	volume = {},
 	pages = {},
 	year = {}
}

@article{ray,
	author = "Dr Anton Gerdelan",
	title = {Mouse Picking with Ray Casting},
	note  = {\href{http://antongerdelan.net/opengl/raycasting.html
	}{www.antongerdelan.net}},
	journal = {Accessed: March 2016},
	volume = {},
	pages = {},
	year = {}
}


@article{OpenGL,
	author = "Kevin Brothaler",
	title = {ANDROID LESSON ONE: GETTING STARTED},
	note  = {\href{http://www.learnopengles.com/android-lesson-one-getting-started/}{www.learnopengles.com}},
	journal = {Accessed: Feb 2016},
	volume = {},
	pages = {},
	year = {2011}
}

@article{swipeArticle,
	author = "Android",
	title = {Android Design: Swipe Views},
	note  = {\href{http://developer.android.com/design/patterns/swipe-views.html}{www.developer.android.com}},
	journal = {Accessed: Feb 2016},
	volume = {},
	pages = {},
	year = {2011}
}



@article{Service,
	author = "Android",
	title = {Android Develop: Media Playback},
	note  = {\href{http://developer.android.com/guide/topics/media/mediaplayer.html}{www.developer.android.com}},
	journal = {Accessed: March 2016},
	volume = {},
	pages = {},
}


@unpublished{DaTune,
    author = {{Applaud Apps}},
    title = {Tuner - DaTuner (lite!)},
    year = {2016},
    note = {\href{https://play.google.com/store/apps/details?id=com.bork.dsp.datuna}{www.play.google.com/store/apps}},
}

@unpublished{Martin,
    author = {{C.F Martin \& Co}},
    title = {Martin Guitar Tuner},
    year = {2015},
    note = {\href{https://play.google.com/store/apps/details?id=com.martin.tuner}{www.play.google.com/store/apps}},
}

@unpublished{microphone,
	author = {{Vecto2000}},
	title = {Free Vector - Vector Microphone},
	year = {2011},
	note = {\href{http://vectorspedia.com/free-vector/vector-microphone-11863/}{www.vectorspedia.com}},
	journal = {Accessed: March 2016},
}

@unpublished{refNotes,
	author = {{Harri Bionic}},
	title = {Acoustic Guitar Pack},
	year = {2006},
	note = {\href{http://freesound.org/people/harri/packs/730/}{www.freesound.org}},
	journal = {Accessed: March 2016},
}

@unpublished{samsung,
	author = {{Samsung Galaxy S6}},
	title = {Voice Recorder},
	year = {2015}
}

